@article{ladyman2013complex,
  title={What is a complex system?},
  author={Ladyman, James and Lambert, James and Wiesner, Karoline},
  journal={European Journal for Philosophy of Science},
  volume={3},
  pages={33--67},
  year={2013},
  publisher={Springer}
}

@misc{cmglee_phase_diagram,
  author = {Cmglee},
  title = {Phase Diagram of Water Simplified},
  year = {n.d.},
  howpublished = {\url{https://commons.wikimedia.org/wiki/File:Phase_diagram_of_water_simplified.svg}},
  note = {Accessed: 2024-10-05},
}

@article{cahn1977critical,
  title={Critical point wetting},
  author={Cahn, John W},
  journal={The Journal of Chemical Physics},
  volume={66},
  number={8},
  pages={3667--3672},
  year={1977},
  publisher={American Institute of Physics}
}

@article{einstein1905motion,
  title={On the motion of small particles suspended in liquids at rest required by the molecular-kinetic theory of heat},
  author={Einstein, Albert and others},
  journal={Annalen der physik},
  volume={17},
  number={549-560},
  pages={208},
  year={1905}
}